%YAML 1.1
%TAG !u! tag:unity3d.com,2011:
--- !u!1 &107916
GameObject:
  m_ObjectHideFlags: 0
  m_PrefabParentObject: {fileID: 0}
  m_PrefabInternal: {fileID: 100100000}
  serializedVersion: 4
  m_Component:
  - 4: {fileID: 420510}
  - 33: {fileID: 3384594}
  - 23: {fileID: 2334588}
  - 64: {fileID: 6491558}
  m_Layer: 0
  m_Name: StairwaySmall
  m_TagString: Untagged
  m_Icon: {fileID: 0}
  m_NavMeshLayer: 0
  m_StaticEditorFlags: 4294967295
  m_IsActive: 1
--- !u!1 &151780
GameObject:
  m_ObjectHideFlags: 0
  m_PrefabParentObject: {fileID: 0}
  m_PrefabInternal: {fileID: 100100000}
  serializedVersion: 4
  m_Component:
  - 4: {fileID: 495944}
  - 64: {fileID: 6403574}
  m_Layer: 1
  m_Name: CollisionPlane_StairwaySmall
  m_TagString: Untagged
  m_Icon: {fileID: 0}
  m_NavMeshLayer: 0
  m_StaticEditorFlags: 4294967295
  m_IsActive: 1
--- !u!1 &164830
GameObject:
  m_ObjectHideFlags: 0
  m_PrefabParentObject: {fileID: 0}
  m_PrefabInternal: {fileID: 100100000}
  serializedVersion: 4
  m_Component:
  - 4: {fileID: 499356}
  m_Layer: 0
  m_Name: StairwaySmall
  m_TagString: Untagged
  m_Icon: {fileID: 0}
  m_NavMeshLayer: 0
  m_StaticEditorFlags: 4294967295
  m_IsActive: 1
--- !u!4 &420510
Transform:
  m_ObjectHideFlags: 1
  m_PrefabParentObject: {fileID: 0}
  m_PrefabInternal: {fileID: 100100000}
  m_GameObject: {fileID: 107916}
  m_LocalRotation: {x: 2.18556941e-08, y: 0, z: 0, w: 1}
  m_LocalPosition: {x: 3.12328339e-05, y: .732354283, z: -15.937748}
  m_LocalScale: {x: 1, y: 1, z: 1}
  m_Children: []
  m_Father: {fileID: 499356}
  m_RootOrder: 1
--- !u!4 &495944
Transform:
  m_ObjectHideFlags: 1
  m_PrefabParentObject: {fileID: 0}
  m_PrefabInternal: {fileID: 100100000}
  m_GameObject: {fileID: 151780}
  m_LocalRotation: {x: 2.18556941e-08, y: 0, z: 0, w: 1}
  m_LocalPosition: {x: 3.12328339e-05, y: .732354283, z: -15.937748}
  m_LocalScale: {x: 1, y: 1, z: 1}
  m_Children: []
  m_Father: {fileID: 499356}
  m_RootOrder: 0
--- !u!4 &499356
Transform:
  m_ObjectHideFlags: 1
  m_PrefabParentObject: {fileID: 0}
  m_PrefabInternal: {fileID: 100100000}
  m_GameObject: {fileID: 164830}
  m_LocalRotation: {x: 0, y: 1, z: 0, w: -1.62920685e-07}
  m_LocalPosition: {x: 1, y: 6, z: 14}
  m_LocalScale: {x: 1, y: 1, z: 1}
  m_Children:
  - {fileID: 495944}
  - {fileID: 420510}
  m_Father: {fileID: 0}
  m_RootOrder: 0
--- !u!23 &2334588
MeshRenderer:
  m_ObjectHideFlags: 1
  m_PrefabParentObject: {fileID: 0}
  m_PrefabInternal: {fileID: 100100000}
  m_GameObject: {fileID: 107916}
  m_Enabled: 1
  m_CastShadows: 1
  m_ReceiveShadows: 1
  m_Materials:
  - {fileID: 2100000, guid: 71f6baf789d1de04792c58f30c62fc4e, type: 2}
  - {fileID: 2100000, guid: b29c757df943f8e41855511af6744df9, type: 2}
  - {fileID: 2100000, guid: caf04d30bc8d9eb42903806c1530725a, type: 2}
  - {fileID: 2100000, guid: 03b2609081d8bd549881344396dc8d7e, type: 2}
  - {fileID: 2100000, guid: 25dfbbff1ba63cb499603a62693263d8, type: 2}
  m_SubsetIndices: 
  m_StaticBatchRoot: {fileID: 0}
  m_UseLightProbes: 1
  m_ReflectionProbeUsage: 1
  m_ProbeAnchor: {fileID: 0}
  m_ScaleInLightmap: 1
  m_PreserveUVs: 0
  m_ImportantGI: 0
  m_AutoUVMaxDistance: .5
  m_AutoUVMaxAngle: 89
  m_LightmapParameters: {fileID: 0}
  m_SortingLayerID: 0
  m_SortingOrder: 0
--- !u!33 &3384594
MeshFilter:
  m_ObjectHideFlags: 1
  m_PrefabParentObject: {fileID: 0}
  m_PrefabInternal: {fileID: 100100000}
  m_GameObject: {fileID: 107916}
  m_Mesh: {fileID: 4300000, guid: 3e2a3fd3fa3caba46a2165ab78b3fae7, type: 3}
--- !u!64 &6403574
MeshCollider:
  m_ObjectHideFlags: 1
  m_PrefabParentObject: {fileID: 0}
  m_PrefabInternal: {fileID: 100100000}
  m_GameObject: {fileID: 151780}
  m_Material: {fileID: 0}
  m_IsTrigger: 0
  m_Enabled: 1
  serializedVersion: 2
  m_Convex: 0
  m_Mesh: {fileID: 4300004, guid: 3e2a3fd3fa3caba46a2165ab78b3fae7, type: 3}
--- !u!64 &6491558
MeshCollider:
  m_ObjectHideFlags: 1
  m_PrefabParentObject: {fileID: 0}
  m_PrefabInternal: {fileID: 100100000}
  m_GameObject: {fileID: 107916}
  m_Material: {fileID: 0}
  m_IsTrigger: 0
  m_Enabled: 1
  serializedVersion: 2
  m_Convex: 0
  m_Mesh: {fileID: 4300000, guid: afc2eed3178694141966423ec20f9a89, type: 3}
--- !u!1001 &100100000
Prefab:
  m_ObjectHideFlags: 1
  serializedVersion: 2
  m_Modification:
    m_TransformParent: {fileID: 0}
    m_Modifications:
    - target: {fileID: 0}
      propertyPath: m_Mesh
      value: 
      objectReference: {fileID: 4300000, guid: afc2eed3178694141966423ec20f9a89, type: 3}
    - target: {fileID: 0}
      propertyPath: m_Name
      value: CollisionPlane_StairwaySmall
      objectReference: {fileID: 0}
    m_RemovedComponents: []
  m_ParentPrefab: {fileID: 0}
  m_RootGameObject: {fileID: 164830}
  m_IsPrefabParent: 1
