%YAML 1.1
%TAG !u! tag:unity3d.com,2011:
--- !u!1001 &100100000
Prefab:
  m_ObjectHideFlags: 1
  serializedVersion: 2
  m_Modification:
    m_TransformParent: {fileID: 0}
    m_Modifications: []
    m_RemovedComponents: []
  m_ParentPrefab: {fileID: 0}
  m_RootGameObject: {fileID: 1702988111534592}
  m_IsPrefabParent: 1
--- !u!1 &1032713998213696
GameObject:
  m_ObjectHideFlags: 0
  m_PrefabParentObject: {fileID: 0}
  m_PrefabInternal: {fileID: 100100000}
  serializedVersion: 5
  m_Component:
  - component: {fileID: 4352916559605324}
  - component: {fileID: 33384974515442460}
  - component: {fileID: 65711515051807062}
  m_Layer: 26
  m_Name: CoverTrigger
  m_TagString: Untagged
  m_Icon: {fileID: 0}
  m_NavMeshLayer: 0
  m_StaticEditorFlags: 0
  m_IsActive: 1
--- !u!1 &1066704907218862
GameObject:
  m_ObjectHideFlags: 0
  m_PrefabParentObject: {fileID: 0}
  m_PrefabInternal: {fileID: 100100000}
  serializedVersion: 5
  m_Component:
  - component: {fileID: 4216168813819704}
  - component: {fileID: 33893589812578974}
  - component: {fileID: 23372029082071382}
  - component: {fileID: 64042434919587984}
  m_Layer: 0
  m_Name: Wood
  m_TagString: Untagged
  m_Icon: {fileID: 0}
  m_NavMeshLayer: 0
  m_StaticEditorFlags: 0
  m_IsActive: 1
--- !u!1 &1463756028287060
GameObject:
  m_ObjectHideFlags: 0
  m_PrefabParentObject: {fileID: 0}
  m_PrefabInternal: {fileID: 100100000}
  serializedVersion: 5
  m_Component:
  - component: {fileID: 4189020466451150}
  - component: {fileID: 33019677277215536}
  - component: {fileID: 23267861042362178}
  - component: {fileID: 64103630789146058}
  m_Layer: 0
  m_Name: Sign
  m_TagString: Untagged
  m_Icon: {fileID: 0}
  m_NavMeshLayer: 0
  m_StaticEditorFlags: 0
  m_IsActive: 1
--- !u!1 &1702988111534592
GameObject:
  m_ObjectHideFlags: 0
  m_PrefabParentObject: {fileID: 0}
  m_PrefabInternal: {fileID: 100100000}
  serializedVersion: 5
  m_Component:
  - component: {fileID: 4486756520110076}
  - component: {fileID: 114863595405613886}
  m_Layer: 0
  m_Name: Barricade_Short_Scrap
  m_TagString: Untagged
  m_Icon: {fileID: 0}
  m_NavMeshLayer: 0
  m_StaticEditorFlags: 0
  m_IsActive: 1
--- !u!1 &1749864829775104
GameObject:
  m_ObjectHideFlags: 0
  m_PrefabParentObject: {fileID: 0}
  m_PrefabInternal: {fileID: 100100000}
  serializedVersion: 5
  m_Component:
  - component: {fileID: 4851945975435946}
  - component: {fileID: 33361286942349134}
  - component: {fileID: 23263262775838716}
  - component: {fileID: 64210005736325330}
  - component: {fileID: 114956821690343970}
  - component: {fileID: 114462784647545448}
  m_Layer: 0
  m_Name: Cube_1
  m_TagString: Untagged
  m_Icon: {fileID: 0}
  m_NavMeshLayer: 0
  m_StaticEditorFlags: 0
  m_IsActive: 1
--- !u!4 &4189020466451150
Transform:
  m_ObjectHideFlags: 1
  m_PrefabParentObject: {fileID: 0}
  m_PrefabInternal: {fileID: 100100000}
  m_GameObject: {fileID: 1463756028287060}
  m_LocalRotation: {x: 0.20026411, y: 0, z: -0, w: 0.979742}
  m_LocalPosition: {x: 0.051973205, y: 0.02930855, z: 0.6682348}
  m_LocalScale: {x: 1, y: 1, z: 1}
  m_Children: []
  m_Father: {fileID: 4486756520110076}
  m_RootOrder: 2
  m_LocalEulerAnglesHint: {x: 0, y: 0, z: 0}
--- !u!4 &4216168813819704
Transform:
  m_ObjectHideFlags: 1
  m_PrefabParentObject: {fileID: 0}
  m_PrefabInternal: {fileID: 100100000}
  m_GameObject: {fileID: 1066704907218862}
  m_LocalRotation: {x: 0.68138736, y: 0.13030207, z: 0.06623377, w: 0.717179}
  m_LocalPosition: {x: -0.18554866, y: -0.34523964, z: -0.01479423}
  m_LocalScale: {x: 1, y: 1, z: 1}
  m_Children: []
  m_Father: {fileID: 4486756520110076}
  m_RootOrder: 3
  m_LocalEulerAnglesHint: {x: 0, y: 0, z: 0}
--- !u!4 &4352916559605324
Transform:
  m_ObjectHideFlags: 1
  m_PrefabParentObject: {fileID: 0}
  m_PrefabInternal: {fileID: 100100000}
  m_GameObject: {fileID: 1032713998213696}
  m_LocalRotation: {x: -0, y: 0, z: -0, w: 1}
  m_LocalPosition: {x: 0, y: 0.171, z: 0}
  m_LocalScale: {x: 0.60511684, y: 1.2, z: 3.8493109}
  m_Children: []
  m_Father: {fileID: 4486756520110076}
  m_RootOrder: 0
  m_LocalEulerAnglesHint: {x: 0, y: 0, z: 0}
--- !u!4 &4486756520110076
Transform:
  m_ObjectHideFlags: 1
  m_PrefabParentObject: {fileID: 0}
  m_PrefabInternal: {fileID: 100100000}
  m_GameObject: {fileID: 1702988111534592}
  m_LocalRotation: {x: 0, y: -0, z: -0, w: 1}
  m_LocalPosition: {x: 0.9257889, y: 0.58, z: -1.3126764}
  m_LocalScale: {x: 1, y: 1, z: 1}
  m_Children:
  - {fileID: 4352916559605324}
  - {fileID: 4851945975435946}
  - {fileID: 4189020466451150}
  - {fileID: 4216168813819704}
  m_Father: {fileID: 0}
  m_RootOrder: 0
  m_LocalEulerAnglesHint: {x: 0, y: 0, z: 0}
--- !u!4 &4851945975435946
Transform:
  m_ObjectHideFlags: 1
  m_PrefabParentObject: {fileID: 0}
  m_PrefabInternal: {fileID: 100100000}
  m_GameObject: {fileID: 1749864829775104}
  m_LocalRotation: {x: -0.0014590982, y: 0.054561004, z: 0.99840355, w: -0.014537375}
  m_LocalPosition: {x: 0.004428795, y: 0.20614046, z: -1.0475222}
  m_LocalScale: {x: 1, y: 1, z: 1}
  m_Children: []
  m_Father: {fileID: 4486756520110076}
  m_RootOrder: 1
  m_LocalEulerAnglesHint: {x: 0, y: 0, z: 0}
--- !u!23 &23263262775838716
MeshRenderer:
  m_ObjectHideFlags: 1
  m_PrefabParentObject: {fileID: 0}
  m_PrefabInternal: {fileID: 100100000}
  m_GameObject: {fileID: 1749864829775104}
  m_Enabled: 1
  m_CastShadows: 1
  m_ReceiveShadows: 1
  m_MotionVectors: 1
  m_LightProbeUsage: 1
  m_ReflectionProbeUsage: 1
  m_Materials:
  - {fileID: 2100000, guid: 7fac1bb80389a7642a4ac675c91cbbf3, type: 2}
  m_StaticBatchInfo:
    firstSubMesh: 0
    subMeshCount: 0
  m_StaticBatchRoot: {fileID: 0}
  m_ProbeAnchor: {fileID: 0}
  m_LightProbeVolumeOverride: {fileID: 0}
  m_ScaleInLightmap: 1
  m_PreserveUVs: 0
  m_IgnoreNormalsForChartDetection: 0
  m_ImportantGI: 0
  m_SelectedEditorRenderState: 3
  m_MinimumChartSize: 4
  m_AutoUVMaxDistance: 0.5
  m_AutoUVMaxAngle: 89
  m_LightmapParameters: {fileID: 0}
  m_SortingLayerID: 0
  m_SortingLayer: 0
  m_SortingOrder: 0
--- !u!23 &23267861042362178
MeshRenderer:
  m_ObjectHideFlags: 1
  m_PrefabParentObject: {fileID: 0}
  m_PrefabInternal: {fileID: 100100000}
  m_GameObject: {fileID: 1463756028287060}
  m_Enabled: 1
  m_CastShadows: 1
  m_ReceiveShadows: 1
  m_MotionVectors: 1
  m_LightProbeUsage: 1
  m_ReflectionProbeUsage: 1
  m_Materials:
  - {fileID: 2100000, guid: 93489f6aa544648c6b9a93209f19fd75, type: 2}
  m_StaticBatchInfo:
    firstSubMesh: 0
    subMeshCount: 0
  m_StaticBatchRoot: {fileID: 0}
  m_ProbeAnchor: {fileID: 0}
  m_LightProbeVolumeOverride: {fileID: 0}
  m_ScaleInLightmap: 1
  m_PreserveUVs: 0
  m_IgnoreNormalsForChartDetection: 0
  m_ImportantGI: 0
  m_SelectedEditorRenderState: 3
  m_MinimumChartSize: 4
  m_AutoUVMaxDistance: 0.5
  m_AutoUVMaxAngle: 89
  m_LightmapParameters: {fileID: 0}
  m_SortingLayerID: 0
  m_SortingLayer: 0
  m_SortingOrder: 0
--- !u!23 &23372029082071382
MeshRenderer:
  m_ObjectHideFlags: 1
  m_PrefabParentObject: {fileID: 0}
  m_PrefabInternal: {fileID: 100100000}
  m_GameObject: {fileID: 1066704907218862}
  m_Enabled: 1
  m_CastShadows: 1
  m_ReceiveShadows: 1
  m_MotionVectors: 1
  m_LightProbeUsage: 1
  m_ReflectionProbeUsage: 1
  m_Materials:
  - {fileID: 2100000, guid: 4bc507eeb1d63446382b8f406fdd95e1, type: 2}
  m_StaticBatchInfo:
    firstSubMesh: 0
    subMeshCount: 0
  m_StaticBatchRoot: {fileID: 0}
  m_ProbeAnchor: {fileID: 0}
  m_LightProbeVolumeOverride: {fileID: 0}
  m_ScaleInLightmap: 1
  m_PreserveUVs: 0
  m_IgnoreNormalsForChartDetection: 0
  m_ImportantGI: 0
  m_SelectedEditorRenderState: 3
  m_MinimumChartSize: 4
  m_AutoUVMaxDistance: 0.5
  m_AutoUVMaxAngle: 89
  m_LightmapParameters: {fileID: 0}
  m_SortingLayerID: 0
  m_SortingLayer: 0
  m_SortingOrder: 0
--- !u!33 &33019677277215536
MeshFilter:
  m_ObjectHideFlags: 1
  m_PrefabParentObject: {fileID: 0}
  m_PrefabInternal: {fileID: 100100000}
  m_GameObject: {fileID: 1463756028287060}
  m_Mesh: {fileID: 4300002, guid: f57eb1e4c28fe4614b1c164776670a46, type: 3}
--- !u!33 &33361286942349134
MeshFilter:
  m_ObjectHideFlags: 1
  m_PrefabParentObject: {fileID: 0}
  m_PrefabInternal: {fileID: 100100000}
  m_GameObject: {fileID: 1749864829775104}
  m_Mesh: {fileID: 4300004, guid: f57eb1e4c28fe4614b1c164776670a46, type: 3}
--- !u!33 &33384974515442460
MeshFilter:
  m_ObjectHideFlags: 1
  m_PrefabParentObject: {fileID: 0}
  m_PrefabInternal: {fileID: 100100000}
  m_GameObject: {fileID: 1032713998213696}
  m_Mesh: {fileID: 10202, guid: 0000000000000000e000000000000000, type: 0}
--- !u!33 &33893589812578974
MeshFilter:
  m_ObjectHideFlags: 1
  m_PrefabParentObject: {fileID: 0}
  m_PrefabInternal: {fileID: 100100000}
  m_GameObject: {fileID: 1066704907218862}
  m_Mesh: {fileID: 4300000, guid: f57eb1e4c28fe4614b1c164776670a46, type: 3}
--- !u!64 &64042434919587984
MeshCollider:
  m_ObjectHideFlags: 1
  m_PrefabParentObject: {fileID: 0}
  m_PrefabInternal: {fileID: 100100000}
  m_GameObject: {fileID: 1066704907218862}
  m_Material: {fileID: 0}
  m_IsTrigger: 0
  m_Enabled: 1
  serializedVersion: 2
  m_Convex: 0
  m_InflateMesh: 0
  m_SkinWidth: 0.01
  m_Mesh: {fileID: 4300000, guid: f57eb1e4c28fe4614b1c164776670a46, type: 3}
--- !u!64 &64103630789146058
MeshCollider:
  m_ObjectHideFlags: 1
  m_PrefabParentObject: {fileID: 0}
  m_PrefabInternal: {fileID: 100100000}
  m_GameObject: {fileID: 1463756028287060}
  m_Material: {fileID: 0}
  m_IsTrigger: 0
  m_Enabled: 1
  serializedVersion: 2
  m_Convex: 0
  m_InflateMesh: 0
  m_SkinWidth: 0.01
  m_Mesh: {fileID: 4300002, guid: f57eb1e4c28fe4614b1c164776670a46, type: 3}
--- !u!64 &64210005736325330
MeshCollider:
  m_ObjectHideFlags: 1
  m_PrefabParentObject: {fileID: 0}
  m_PrefabInternal: {fileID: 100100000}
  m_GameObject: {fileID: 1749864829775104}
  m_Material: {fileID: 0}
  m_IsTrigger: 0
  m_Enabled: 1
  serializedVersion: 2
  m_Convex: 0
  m_InflateMesh: 0
  m_SkinWidth: 0.01
  m_Mesh: {fileID: 4300004, guid: f57eb1e4c28fe4614b1c164776670a46, type: 3}
--- !u!65 &65711515051807062
BoxCollider:
  m_ObjectHideFlags: 1
  m_PrefabParentObject: {fileID: 0}
  m_PrefabInternal: {fileID: 100100000}
  m_GameObject: {fileID: 1032713998213696}
  m_Material: {fileID: 0}
  m_IsTrigger: 0
  m_Enabled: 1
  serializedVersion: 2
  m_Size: {x: 1, y: 1, z: 1}
  m_Center: {x: 0, y: 0, z: 0}
--- !u!114 &114462784647545448
MonoBehaviour:
  m_ObjectHideFlags: 1
  m_PrefabParentObject: {fileID: 0}
  m_PrefabInternal: {fileID: 100100000}
  m_GameObject: {fileID: 1749864829775104}
  m_Enabled: 1
  m_EditorHideFlags: 0
  m_Script: {fileID: 11500000, guid: f4f3ee34766a4664bb395291355df658, type: 3}
  m_Name: 
  m_EditorClassIdentifier: 
--- !u!114 &114863595405613886
MonoBehaviour:
  m_ObjectHideFlags: 1
  m_PrefabParentObject: {fileID: 0}
  m_PrefabInternal: {fileID: 100100000}
  m_GameObject: {fileID: 1702988111534592}
  m_Enabled: 1
  m_EditorHideFlags: 0
  m_Script: {fileID: 11500000, guid: 46a02d0f612a241b293c0da4f82b712c, type: 3}
  m_Name: 
  m_EditorClassIdentifier: 
  Properties:
    Properties: []
    Groups: []
    Hidden: 
  Links:
    Links:
    - LIIF: -597405793
      InstanceTarget: {fileID: 114863595405613886}
    - LIIF: -154862406
      InstanceTarget: {fileID: 1702988111534592}
    - LIIF: -686565889
      InstanceTarget: {fileID: 1032713998213696}
    - LIIF: -2018861554
      InstanceTarget: {fileID: 1749864829775104}
    - LIIF: -1369182024
      InstanceTarget: {fileID: 1463756028287060}
    - LIIF: -561420676
      InstanceTarget: {fileID: 1066704907218862}
    - LIIF: -137926067
      InstanceTarget: {fileID: 4486756520110076}
    - LIIF: 1451470577
      InstanceTarget: {fileID: 4352916559605324}
    - LIIF: -2074804581
      InstanceTarget: {fileID: 4851945975435946}
    - LIIF: -1787069811
      InstanceTarget: {fileID: 4189020466451150}
    - LIIF: -1943309457
      InstanceTarget: {fileID: 4216168813819704}
    - LIIF: 1821663760
      InstanceTarget: {fileID: 33361286942349134}
    - LIIF: -722798465
      InstanceTarget: {fileID: 23263262775838716}
    - LIIF: 2048789960
      InstanceTarget: {fileID: 64210005736325330}
    - LIIF: 739126019
      InstanceTarget: {fileID: 33384974515442460}
    - LIIF: -2147014273
      InstanceTarget: {fileID: 65711515051807062}
    - LIIF: -1042043890
      InstanceTarget: {fileID: 33893589812578974}
    - LIIF: -698587953
      InstanceTarget: {fileID: 23372029082071382}
    - LIIF: -426411891
      InstanceTarget: {fileID: 64042434919587984}
    - LIIF: -181895713
      InstanceTarget: {fileID: 33019677277215536}
    - LIIF: -920545037
      InstanceTarget: {fileID: 23267861042362178}
    - LIIF: -754499262
      InstanceTarget: {fileID: 64103630789146058}
    - LIIF: -920767696
      InstanceTarget: {fileID: 114956821690343970}
    - LIIF: -2146783401
      InstanceTarget: {fileID: 114462784647545448}
  Modifications:
    Modificated: []
    NonPrefabObjects: []
    NonPrefabComponents: []
    RemovedObjects: 
    TransformParentChanges: []
  ParentPrefabGUID: 
  PrefabGUID: 931955a623752444899c1049cb634bb6
--- !u!114 &114956821690343970
MonoBehaviour:
  m_ObjectHideFlags: 1
  m_PrefabParentObject: {fileID: 0}
  m_PrefabInternal: {fileID: 100100000}
  m_GameObject: {fileID: 1749864829775104}
  m_Enabled: 1
  m_EditorHideFlags: 0
  m_Script: {fileID: 11500000, guid: 6e038bf700cfa444fb16c6ef963be9f9, type: 3}
  m_Name: 
  m_EditorClassIdentifier: 
