%YAML 1.1
%TAG !u! tag:unity3d.com,2011:
--- !u!1001 &100100000
Prefab:
  m_ObjectHideFlags: 1
  serializedVersion: 2
  m_Modification:
    m_TransformParent: {fileID: 0}
    m_Modifications: []
    m_RemovedComponents: []
  m_ParentPrefab: {fileID: 0}
  m_RootGameObject: {fileID: 1502952760959806}
  m_IsPrefabParent: 1
--- !u!1 &1502952760959806
GameObject:
  m_ObjectHideFlags: 0
  m_PrefabParentObject: {fileID: 0}
  m_PrefabInternal: {fileID: 100100000}
  serializedVersion: 5
  m_Component:
  - component: {fileID: 4983459426171650}
  - component: {fileID: 33402957081461524}
  - component: {fileID: 23421089462619702}
  - component: {fileID: 64200869877441494}
  - component: {fileID: 114489729955662834}
  - component: {fileID: 114116345132642132}
  m_Layer: 0
  m_Name: Concrete_Barrier_1
  m_TagString: Untagged
  m_Icon: {fileID: 0}
  m_NavMeshLayer: 0
  m_StaticEditorFlags: 0
  m_IsActive: 1
--- !u!4 &4983459426171650
Transform:
  m_ObjectHideFlags: 1
  m_PrefabParentObject: {fileID: 0}
  m_PrefabInternal: {fileID: 100100000}
  m_GameObject: {fileID: 1502952760959806}
  m_LocalRotation: {x: 0, y: -0, z: -0, w: 1}
  m_LocalPosition: {x: 0, y: 0, z: 0}
  m_LocalScale: {x: 1, y: 1, z: 1}
  m_Children: []
  m_Father: {fileID: 0}
  m_RootOrder: 0
  m_LocalEulerAnglesHint: {x: 0, y: 0, z: 0}
--- !u!23 &23421089462619702
MeshRenderer:
  m_ObjectHideFlags: 1
  m_PrefabParentObject: {fileID: 0}
  m_PrefabInternal: {fileID: 100100000}
  m_GameObject: {fileID: 1502952760959806}
  m_Enabled: 1
  m_CastShadows: 1
  m_ReceiveShadows: 1
  m_MotionVectors: 1
  m_LightProbeUsage: 1
  m_ReflectionProbeUsage: 1
  m_Materials:
  - {fileID: 2100000, guid: 6117a9d99134849b7ba43bd4c94166ad, type: 2}
  m_StaticBatchInfo:
    firstSubMesh: 0
    subMeshCount: 0
  m_StaticBatchRoot: {fileID: 0}
  m_ProbeAnchor: {fileID: 0}
  m_LightProbeVolumeOverride: {fileID: 0}
  m_ScaleInLightmap: 1
  m_PreserveUVs: 0
  m_IgnoreNormalsForChartDetection: 0
  m_ImportantGI: 0
  m_SelectedEditorRenderState: 3
  m_MinimumChartSize: 4
  m_AutoUVMaxDistance: 0.5
  m_AutoUVMaxAngle: 89
  m_LightmapParameters: {fileID: 0}
  m_SortingLayerID: 0
  m_SortingLayer: 0
  m_SortingOrder: 0
--- !u!33 &33402957081461524
MeshFilter:
  m_ObjectHideFlags: 1
  m_PrefabParentObject: {fileID: 0}
  m_PrefabInternal: {fileID: 100100000}
  m_GameObject: {fileID: 1502952760959806}
  m_Mesh: {fileID: 4300000, guid: ff29d78a581244f6491fdd810899705a, type: 3}
--- !u!64 &64200869877441494
MeshCollider:
  m_ObjectHideFlags: 1
  m_PrefabParentObject: {fileID: 0}
  m_PrefabInternal: {fileID: 100100000}
  m_GameObject: {fileID: 1502952760959806}
  m_Material: {fileID: 0}
  m_IsTrigger: 0
  m_Enabled: 1
  serializedVersion: 2
  m_Convex: 0
  m_InflateMesh: 0
  m_SkinWidth: 0.01
  m_Mesh: {fileID: 4300000, guid: ff29d78a581244f6491fdd810899705a, type: 3}
--- !u!114 &114116345132642132
MonoBehaviour:
  m_ObjectHideFlags: 1
  m_PrefabParentObject: {fileID: 0}
  m_PrefabInternal: {fileID: 100100000}
  m_GameObject: {fileID: 1502952760959806}
  m_Enabled: 1
  m_EditorHideFlags: 0
  m_Script: {fileID: 11500000, guid: 46a02d0f612a241b293c0da4f82b712c, type: 3}
  m_Name: 
  m_EditorClassIdentifier: 
  Properties:
    Properties: []
    Groups: []
    Hidden: 
  Links:
    Links:
    - LIIF: 590424147
      InstanceTarget: {fileID: 114116345132642132}
    - LIIF: 1421091133
      InstanceTarget: {fileID: 114489729955662834}
    - LIIF: 251434186
      InstanceTarget: {fileID: 1502952760959806}
    - LIIF: 638521621
      InstanceTarget: {fileID: 4983459426171650}
    - LIIF: 361451475
      InstanceTarget: {fileID: 33402957081461524}
    - LIIF: 1528032320
      InstanceTarget: {fileID: 23421089462619702}
    - LIIF: -865682955
      InstanceTarget: {fileID: 64200869877441494}
  Modifications:
    Modificated: []
    NonPrefabObjects: []
    NonPrefabComponents: []
    RemovedObjects: 
    TransformParentChanges: []
  ParentPrefabGUID: 
  PrefabGUID: 610d14599c3b00146a7cc17fde9b9e1a
--- !u!114 &114489729955662834
MonoBehaviour:
  m_ObjectHideFlags: 1
  m_PrefabParentObject: {fileID: 0}
  m_PrefabInternal: {fileID: 100100000}
  m_GameObject: {fileID: 1502952760959806}
  m_Enabled: 1
  m_EditorHideFlags: 0
  m_Script: {fileID: 11500000, guid: 6e038bf700cfa444fb16c6ef963be9f9, type: 3}
  m_Name: 
  m_EditorClassIdentifier: 
