%YAML 1.1
%TAG !u! tag:unity3d.com,2011:
--- !u!1001 &100100000
Prefab:
  m_ObjectHideFlags: 1
  serializedVersion: 2
  m_Modification:
    m_TransformParent: {fileID: 0}
    m_Modifications: []
    m_RemovedComponents: []
  m_ParentPrefab: {fileID: 0}
  m_RootGameObject: {fileID: 1690375659568536}
  m_IsPrefabParent: 1
--- !u!1 &1121645564863846
GameObject:
  m_ObjectHideFlags: 0
  m_PrefabParentObject: {fileID: 0}
  m_PrefabInternal: {fileID: 100100000}
  serializedVersion: 5
  m_Component:
  - component: {fileID: 4363909863519810}
  - component: {fileID: 33418606859461644}
  - component: {fileID: 23119342479777154}
  - component: {fileID: 64294768338075024}
  - component: {fileID: 114702483393455916}
  - component: {fileID: 114041968882445766}
  - component: {fileID: 114790421714261882}
  m_Layer: 0
  m_Name: Barrel (2)
  m_TagString: Untagged
  m_Icon: {fileID: 0}
  m_NavMeshLayer: 0
  m_StaticEditorFlags: 0
  m_IsActive: 1
--- !u!1 &1386416153418196
GameObject:
  m_ObjectHideFlags: 0
  m_PrefabParentObject: {fileID: 0}
  m_PrefabInternal: {fileID: 100100000}
  serializedVersion: 5
  m_Component:
  - component: {fileID: 4461045016597970}
  - component: {fileID: 33491315731157494}
  - component: {fileID: 23687341077093858}
  - component: {fileID: 64569686311185162}
  - component: {fileID: 114580768943063132}
  - component: {fileID: 114543938970258076}
  m_Layer: 0
  m_Name: Bricks_Low (1)
  m_TagString: Untagged
  m_Icon: {fileID: 0}
  m_NavMeshLayer: 0
  m_StaticEditorFlags: 0
  m_IsActive: 1
--- !u!1 &1555338920918404
GameObject:
  m_ObjectHideFlags: 0
  m_PrefabParentObject: {fileID: 0}
  m_PrefabInternal: {fileID: 100100000}
  serializedVersion: 5
  m_Component:
  - component: {fileID: 4096490311145830}
  - component: {fileID: 33778624316078350}
  - component: {fileID: 23066939774771934}
  - component: {fileID: 64668848189738222}
  - component: {fileID: 114342958477548808}
  - component: {fileID: 114695158953247392}
  - component: {fileID: 114129433846056886}
  m_Layer: 0
  m_Name: Barrel
  m_TagString: Untagged
  m_Icon: {fileID: 0}
  m_NavMeshLayer: 0
  m_StaticEditorFlags: 0
  m_IsActive: 1
--- !u!1 &1651412492058906
GameObject:
  m_ObjectHideFlags: 0
  m_PrefabParentObject: {fileID: 0}
  m_PrefabInternal: {fileID: 100100000}
  serializedVersion: 5
  m_Component:
  - component: {fileID: 4176039300299220}
  - component: {fileID: 215671143393099092}
  m_Layer: 0
  m_Name: Reflection Probe (5)
  m_TagString: Untagged
  m_Icon: {fileID: 0}
  m_NavMeshLayer: 0
  m_StaticEditorFlags: 0
  m_IsActive: 1
--- !u!1 &1690375659568536
GameObject:
  m_ObjectHideFlags: 0
  m_PrefabParentObject: {fileID: 0}
  m_PrefabInternal: {fileID: 100100000}
  serializedVersion: 5
  m_Component:
  - component: {fileID: 4947678073874150}
  - component: {fileID: 114877967522723320}
  - component: {fileID: 114993139626443018}
  - component: {fileID: 114394515536436222}
  m_Layer: 0
  m_Name: Smallcover_2
  m_TagString: Untagged
  m_Icon: {fileID: 0}
  m_NavMeshLayer: 0
  m_StaticEditorFlags: 0
  m_IsActive: 1
--- !u!1 &1734350304763318
GameObject:
  m_ObjectHideFlags: 0
  m_PrefabParentObject: {fileID: 0}
  m_PrefabInternal: {fileID: 100100000}
  serializedVersion: 5
  m_Component:
  - component: {fileID: 4429061198551412}
  - component: {fileID: 33329927578222436}
  - component: {fileID: 23125781698688286}
  - component: {fileID: 64804223908944090}
  - component: {fileID: 114858275839651286}
  - component: {fileID: 114681088472378502}
  - component: {fileID: 114947981331111364}
  m_Layer: 0
  m_Name: Barrel (3)
  m_TagString: Untagged
  m_Icon: {fileID: 0}
  m_NavMeshLayer: 0
  m_StaticEditorFlags: 0
  m_IsActive: 1
--- !u!1 &1759113281652672
GameObject:
  m_ObjectHideFlags: 0
  m_PrefabParentObject: {fileID: 0}
  m_PrefabInternal: {fileID: 100100000}
  serializedVersion: 5
  m_Component:
  - component: {fileID: 4272816910529264}
  - component: {fileID: 33353271936283192}
  - component: {fileID: 23726499128658900}
  - component: {fileID: 64161051073098132}
  - component: {fileID: 114085403890390740}
  - component: {fileID: 114533368818571832}
  - component: {fileID: 114361574868703756}
  m_Layer: 0
  m_Name: Barrel (1)
  m_TagString: Untagged
  m_Icon: {fileID: 0}
  m_NavMeshLayer: 0
  m_StaticEditorFlags: 0
  m_IsActive: 1
--- !u!1 &1807094988477432
GameObject:
  m_ObjectHideFlags: 0
  m_PrefabParentObject: {fileID: 0}
  m_PrefabInternal: {fileID: 100100000}
  serializedVersion: 5
  m_Component:
  - component: {fileID: 4621009161919048}
  - component: {fileID: 114250979816451904}
  - component: {fileID: 114308953425901640}
  m_Layer: 0
  m_Name: RandomEnemySpawner
  m_TagString: Untagged
  m_Icon: {fileID: 0}
  m_NavMeshLayer: 0
  m_StaticEditorFlags: 0
  m_IsActive: 1
--- !u!1 &1990578350454382
GameObject:
  m_ObjectHideFlags: 0
  m_PrefabParentObject: {fileID: 0}
  m_PrefabInternal: {fileID: 100100000}
  serializedVersion: 5
  m_Component:
  - component: {fileID: 4721348877839616}
  - component: {fileID: 33064020569982694}
  - component: {fileID: 23264186700874606}
  - component: {fileID: 64380655443240050}
  - component: {fileID: 114806897528318000}
  - component: {fileID: 114878142658946214}
  m_Layer: 0
  m_Name: Bricks_Low
  m_TagString: Untagged
  m_Icon: {fileID: 0}
  m_NavMeshLayer: 0
  m_StaticEditorFlags: 0
  m_IsActive: 1
--- !u!4 &4096490311145830
Transform:
  m_ObjectHideFlags: 1
  m_PrefabParentObject: {fileID: 0}
  m_PrefabInternal: {fileID: 100100000}
  m_GameObject: {fileID: 1555338920918404}
  m_LocalRotation: {x: 0, y: -0, z: -0, w: 1}
  m_LocalPosition: {x: -1.5405835, y: 0.505, z: 2.851528}
  m_LocalScale: {x: 1, y: 1, z: 1}
  m_Children: []
  m_Father: {fileID: 4947678073874150}
  m_RootOrder: 5
  m_LocalEulerAnglesHint: {x: 0, y: 0, z: 0}
--- !u!4 &4176039300299220
Transform:
  m_ObjectHideFlags: 1
  m_PrefabParentObject: {fileID: 0}
  m_PrefabInternal: {fileID: 100100000}
  m_GameObject: {fileID: 1651412492058906}
  m_LocalRotation: {x: -0, y: -0, z: -0, w: 1}
  m_LocalPosition: {x: 0, y: 5, z: 0}
  m_LocalScale: {x: 1, y: 1, z: 1}
  m_Children: []
  m_Father: {fileID: 4947678073874150}
  m_RootOrder: 0
  m_LocalEulerAnglesHint: {x: 0, y: 0, z: 0}
--- !u!4 &4272816910529264
Transform:
  m_ObjectHideFlags: 1
  m_PrefabParentObject: {fileID: 0}
  m_PrefabInternal: {fileID: 100100000}
  m_GameObject: {fileID: 1759113281652672}
  m_LocalRotation: {x: -0, y: -0.23433706, z: -0, w: 0.97215545}
  m_LocalPosition: {x: -0.949, y: 0.505, z: 3.351}
  m_LocalScale: {x: 1, y: 1, z: 1}
  m_Children: []
  m_Father: {fileID: 4947678073874150}
  m_RootOrder: 4
  m_LocalEulerAnglesHint: {x: 0, y: -27.105001, z: 0}
--- !u!4 &4363909863519810
Transform:
  m_ObjectHideFlags: 1
  m_PrefabParentObject: {fileID: 0}
  m_PrefabInternal: {fileID: 100100000}
  m_GameObject: {fileID: 1121645564863846}
  m_LocalRotation: {x: -0, y: 0.4041793, z: -0, w: 0.9146798}
  m_LocalPosition: {x: -1.5260286, y: 1.4887462, z: 2.830471}
  m_LocalScale: {x: 1, y: 1, z: 1}
  m_Children: []
  m_Father: {fileID: 4947678073874150}
  m_RootOrder: 3
  m_LocalEulerAnglesHint: {x: 0, y: 47.679, z: 0}
--- !u!4 &4429061198551412
Transform:
  m_ObjectHideFlags: 1
  m_PrefabParentObject: {fileID: 0}
  m_PrefabInternal: {fileID: 100100000}
  m_GameObject: {fileID: 1734350304763318}
  m_LocalRotation: {x: -0, y: -0.09013328, z: -0, w: 0.9959298}
  m_LocalPosition: {x: -0.142, y: 0.505, z: 3.327}
  m_LocalScale: {x: 1, y: 1, z: 1}
  m_Children: []
  m_Father: {fileID: 4947678073874150}
  m_RootOrder: 2
  m_LocalEulerAnglesHint: {x: 0, y: -10.343, z: 0}
--- !u!4 &4461045016597970
Transform:
  m_ObjectHideFlags: 1
  m_PrefabParentObject: {fileID: 0}
  m_PrefabInternal: {fileID: 100100000}
  m_GameObject: {fileID: 1386416153418196}
  m_LocalRotation: {x: -0.000000012999041, y: -0.75225717, z: 0.000000015076976, w: 0.6588696}
  m_LocalPosition: {x: -2.1078892, y: 0.1444806, z: 2.6684937}
  m_LocalScale: {x: 1, y: 1, z: 1}
  m_Children: []
  m_Father: {fileID: 4947678073874150}
  m_RootOrder: 6
  m_LocalEulerAnglesHint: {x: 0, y: 0, z: 0}
--- !u!4 &4621009161919048
Transform:
  m_ObjectHideFlags: 1
  m_PrefabParentObject: {fileID: 0}
  m_PrefabInternal: {fileID: 100100000}
  m_GameObject: {fileID: 1807094988477432}
  m_LocalRotation: {x: -0, y: 0.013962198, z: -0, w: 0.9999026}
  m_LocalPosition: {x: 0, y: 1.92, z: 0}
  m_LocalScale: {x: 1, y: 1, z: 1}
  m_Children: []
  m_Father: {fileID: 4947678073874150}
  m_RootOrder: 1
  m_LocalEulerAnglesHint: {x: 0, y: 1.6, z: 0}
--- !u!4 &4721348877839616
Transform:
  m_ObjectHideFlags: 1
  m_PrefabParentObject: {fileID: 0}
  m_PrefabInternal: {fileID: 100100000}
  m_GameObject: {fileID: 1990578350454382}
  m_LocalRotation: {x: -0.000000012999041, y: -0.75225717, z: 0.000000015076976, w: 0.6588696}
  m_LocalPosition: {x: 2.1011534, y: 0.1444806, z: 1.8184049}
  m_LocalScale: {x: 1, y: 1, z: 1}
  m_Children: []
  m_Father: {fileID: 4947678073874150}
  m_RootOrder: 7
  m_LocalEulerAnglesHint: {x: 0, y: 0, z: 0}
--- !u!4 &4947678073874150
Transform:
  m_ObjectHideFlags: 1
  m_PrefabParentObject: {fileID: 0}
  m_PrefabInternal: {fileID: 100100000}
  m_GameObject: {fileID: 1690375659568536}
  m_LocalRotation: {x: 0, y: 0, z: 0, w: 1}
  m_LocalPosition: {x: 0, y: 0, z: 0}
  m_LocalScale: {x: 1, y: 1, z: 1}
  m_Children:
  - {fileID: 4176039300299220}
  - {fileID: 4621009161919048}
  - {fileID: 4429061198551412}
  - {fileID: 4363909863519810}
  - {fileID: 4272816910529264}
  - {fileID: 4096490311145830}
  - {fileID: 4461045016597970}
  - {fileID: 4721348877839616}
  m_Father: {fileID: 0}
  m_RootOrder: 0
  m_LocalEulerAnglesHint: {x: 0, y: 0, z: 0}
--- !u!23 &23066939774771934
MeshRenderer:
  m_ObjectHideFlags: 1
  m_PrefabParentObject: {fileID: 0}
  m_PrefabInternal: {fileID: 100100000}
  m_GameObject: {fileID: 1555338920918404}
  m_Enabled: 1
  m_CastShadows: 1
  m_ReceiveShadows: 1
  m_MotionVectors: 1
  m_LightProbeUsage: 1
  m_ReflectionProbeUsage: 1
  m_Materials:
  - {fileID: 2100000, guid: 372f6830cc8cc4854818df583e92a17a, type: 2}
  m_StaticBatchInfo:
    firstSubMesh: 0
    subMeshCount: 0
  m_StaticBatchRoot: {fileID: 0}
  m_ProbeAnchor: {fileID: 0}
  m_LightProbeVolumeOverride: {fileID: 0}
  m_ScaleInLightmap: 1
  m_PreserveUVs: 0
  m_IgnoreNormalsForChartDetection: 0
  m_ImportantGI: 0
  m_SelectedEditorRenderState: 3
  m_MinimumChartSize: 4
  m_AutoUVMaxDistance: 0.5
  m_AutoUVMaxAngle: 89
  m_LightmapParameters: {fileID: 0}
  m_SortingLayerID: 0
  m_SortingLayer: 0
  m_SortingOrder: 0
--- !u!23 &23119342479777154
MeshRenderer:
  m_ObjectHideFlags: 1
  m_PrefabParentObject: {fileID: 0}
  m_PrefabInternal: {fileID: 100100000}
  m_GameObject: {fileID: 1121645564863846}
  m_Enabled: 1
  m_CastShadows: 1
  m_ReceiveShadows: 1
  m_MotionVectors: 1
  m_LightProbeUsage: 1
  m_ReflectionProbeUsage: 1
  m_Materials:
  - {fileID: 2100000, guid: 372f6830cc8cc4854818df583e92a17a, type: 2}
  m_StaticBatchInfo:
    firstSubMesh: 0
    subMeshCount: 0
  m_StaticBatchRoot: {fileID: 0}
  m_ProbeAnchor: {fileID: 0}
  m_LightProbeVolumeOverride: {fileID: 0}
  m_ScaleInLightmap: 1
  m_PreserveUVs: 0
  m_IgnoreNormalsForChartDetection: 0
  m_ImportantGI: 0
  m_SelectedEditorRenderState: 3
  m_MinimumChartSize: 4
  m_AutoUVMaxDistance: 0.5
  m_AutoUVMaxAngle: 89
  m_LightmapParameters: {fileID: 0}
  m_SortingLayerID: 0
  m_SortingLayer: 0
  m_SortingOrder: 0
--- !u!23 &23125781698688286
MeshRenderer:
  m_ObjectHideFlags: 1
  m_PrefabParentObject: {fileID: 0}
  m_PrefabInternal: {fileID: 100100000}
  m_GameObject: {fileID: 1734350304763318}
  m_Enabled: 1
  m_CastShadows: 1
  m_ReceiveShadows: 1
  m_MotionVectors: 1
  m_LightProbeUsage: 1
  m_ReflectionProbeUsage: 1
  m_Materials:
  - {fileID: 2100000, guid: 372f6830cc8cc4854818df583e92a17a, type: 2}
  m_StaticBatchInfo:
    firstSubMesh: 0
    subMeshCount: 0
  m_StaticBatchRoot: {fileID: 0}
  m_ProbeAnchor: {fileID: 0}
  m_LightProbeVolumeOverride: {fileID: 0}
  m_ScaleInLightmap: 1
  m_PreserveUVs: 0
  m_IgnoreNormalsForChartDetection: 0
  m_ImportantGI: 0
  m_SelectedEditorRenderState: 3
  m_MinimumChartSize: 4
  m_AutoUVMaxDistance: 0.5
  m_AutoUVMaxAngle: 89
  m_LightmapParameters: {fileID: 0}
  m_SortingLayerID: 0
  m_SortingLayer: 0
  m_SortingOrder: 0
--- !u!23 &23264186700874606
MeshRenderer:
  m_ObjectHideFlags: 1
  m_PrefabParentObject: {fileID: 0}
  m_PrefabInternal: {fileID: 100100000}
  m_GameObject: {fileID: 1990578350454382}
  m_Enabled: 1
  m_CastShadows: 1
  m_ReceiveShadows: 1
  m_MotionVectors: 1
  m_LightProbeUsage: 1
  m_ReflectionProbeUsage: 1
  m_Materials:
  - {fileID: 2100000, guid: 6117a9d99134849b7ba43bd4c94166ad, type: 2}
  m_StaticBatchInfo:
    firstSubMesh: 0
    subMeshCount: 0
  m_StaticBatchRoot: {fileID: 0}
  m_ProbeAnchor: {fileID: 0}
  m_LightProbeVolumeOverride: {fileID: 0}
  m_ScaleInLightmap: 1
  m_PreserveUVs: 0
  m_IgnoreNormalsForChartDetection: 0
  m_ImportantGI: 0
  m_SelectedEditorRenderState: 3
  m_MinimumChartSize: 4
  m_AutoUVMaxDistance: 0.5
  m_AutoUVMaxAngle: 89
  m_LightmapParameters: {fileID: 0}
  m_SortingLayerID: 0
  m_SortingLayer: 0
  m_SortingOrder: 0
--- !u!23 &23687341077093858
MeshRenderer:
  m_ObjectHideFlags: 1
  m_PrefabParentObject: {fileID: 0}
  m_PrefabInternal: {fileID: 100100000}
  m_GameObject: {fileID: 1386416153418196}
  m_Enabled: 1
  m_CastShadows: 1
  m_ReceiveShadows: 1
  m_MotionVectors: 1
  m_LightProbeUsage: 1
  m_ReflectionProbeUsage: 1
  m_Materials:
  - {fileID: 2100000, guid: 6117a9d99134849b7ba43bd4c94166ad, type: 2}
  m_StaticBatchInfo:
    firstSubMesh: 0
    subMeshCount: 0
  m_StaticBatchRoot: {fileID: 0}
  m_ProbeAnchor: {fileID: 0}
  m_LightProbeVolumeOverride: {fileID: 0}
  m_ScaleInLightmap: 1
  m_PreserveUVs: 0
  m_IgnoreNormalsForChartDetection: 0
  m_ImportantGI: 0
  m_SelectedEditorRenderState: 3
  m_MinimumChartSize: 4
  m_AutoUVMaxDistance: 0.5
  m_AutoUVMaxAngle: 89
  m_LightmapParameters: {fileID: 0}
  m_SortingLayerID: 0
  m_SortingLayer: 0
  m_SortingOrder: 0
--- !u!23 &23726499128658900
MeshRenderer:
  m_ObjectHideFlags: 1
  m_PrefabParentObject: {fileID: 0}
  m_PrefabInternal: {fileID: 100100000}
  m_GameObject: {fileID: 1759113281652672}
  m_Enabled: 1
  m_CastShadows: 1
  m_ReceiveShadows: 1
  m_MotionVectors: 1
  m_LightProbeUsage: 1
  m_ReflectionProbeUsage: 1
  m_Materials:
  - {fileID: 2100000, guid: 372f6830cc8cc4854818df583e92a17a, type: 2}
  m_StaticBatchInfo:
    firstSubMesh: 0
    subMeshCount: 0
  m_StaticBatchRoot: {fileID: 0}
  m_ProbeAnchor: {fileID: 0}
  m_LightProbeVolumeOverride: {fileID: 0}
  m_ScaleInLightmap: 1
  m_PreserveUVs: 0
  m_IgnoreNormalsForChartDetection: 0
  m_ImportantGI: 0
  m_SelectedEditorRenderState: 3
  m_MinimumChartSize: 4
  m_AutoUVMaxDistance: 0.5
  m_AutoUVMaxAngle: 89
  m_LightmapParameters: {fileID: 0}
  m_SortingLayerID: 0
  m_SortingLayer: 0
  m_SortingOrder: 0
--- !u!33 &33064020569982694
MeshFilter:
  m_ObjectHideFlags: 1
  m_PrefabParentObject: {fileID: 0}
  m_PrefabInternal: {fileID: 100100000}
  m_GameObject: {fileID: 1990578350454382}
  m_Mesh: {fileID: 4300000, guid: 9f687a64258a84fe48fb6b8421c422cb, type: 3}
--- !u!33 &33329927578222436
MeshFilter:
  m_ObjectHideFlags: 1
  m_PrefabParentObject: {fileID: 0}
  m_PrefabInternal: {fileID: 100100000}
  m_GameObject: {fileID: 1734350304763318}
  m_Mesh: {fileID: 4300000, guid: a99c3cf75c4754c9eb002ab2e4ff77b6, type: 3}
--- !u!33 &33353271936283192
MeshFilter:
  m_ObjectHideFlags: 1
  m_PrefabParentObject: {fileID: 0}
  m_PrefabInternal: {fileID: 100100000}
  m_GameObject: {fileID: 1759113281652672}
  m_Mesh: {fileID: 4300000, guid: a99c3cf75c4754c9eb002ab2e4ff77b6, type: 3}
--- !u!33 &33418606859461644
MeshFilter:
  m_ObjectHideFlags: 1
  m_PrefabParentObject: {fileID: 0}
  m_PrefabInternal: {fileID: 100100000}
  m_GameObject: {fileID: 1121645564863846}
  m_Mesh: {fileID: 4300000, guid: a99c3cf75c4754c9eb002ab2e4ff77b6, type: 3}
--- !u!33 &33491315731157494
MeshFilter:
  m_ObjectHideFlags: 1
  m_PrefabParentObject: {fileID: 0}
  m_PrefabInternal: {fileID: 100100000}
  m_GameObject: {fileID: 1386416153418196}
  m_Mesh: {fileID: 4300000, guid: 9f687a64258a84fe48fb6b8421c422cb, type: 3}
--- !u!33 &33778624316078350
MeshFilter:
  m_ObjectHideFlags: 1
  m_PrefabParentObject: {fileID: 0}
  m_PrefabInternal: {fileID: 100100000}
  m_GameObject: {fileID: 1555338920918404}
  m_Mesh: {fileID: 4300000, guid: a99c3cf75c4754c9eb002ab2e4ff77b6, type: 3}
--- !u!64 &64161051073098132
MeshCollider:
  m_ObjectHideFlags: 1
  m_PrefabParentObject: {fileID: 0}
  m_PrefabInternal: {fileID: 100100000}
  m_GameObject: {fileID: 1759113281652672}
  m_Material: {fileID: 0}
  m_IsTrigger: 0
  m_Enabled: 1
  serializedVersion: 2
  m_Convex: 0
  m_InflateMesh: 0
  m_SkinWidth: 0.01
  m_Mesh: {fileID: 4300000, guid: a99c3cf75c4754c9eb002ab2e4ff77b6, type: 3}
--- !u!64 &64294768338075024
MeshCollider:
  m_ObjectHideFlags: 1
  m_PrefabParentObject: {fileID: 0}
  m_PrefabInternal: {fileID: 100100000}
  m_GameObject: {fileID: 1121645564863846}
  m_Material: {fileID: 0}
  m_IsTrigger: 0
  m_Enabled: 1
  serializedVersion: 2
  m_Convex: 0
  m_InflateMesh: 0
  m_SkinWidth: 0.01
  m_Mesh: {fileID: 4300000, guid: a99c3cf75c4754c9eb002ab2e4ff77b6, type: 3}
--- !u!64 &64380655443240050
MeshCollider:
  m_ObjectHideFlags: 1
  m_PrefabParentObject: {fileID: 0}
  m_PrefabInternal: {fileID: 100100000}
  m_GameObject: {fileID: 1990578350454382}
  m_Material: {fileID: 0}
  m_IsTrigger: 0
  m_Enabled: 1
  serializedVersion: 2
  m_Convex: 0
  m_InflateMesh: 0
  m_SkinWidth: 0.01
  m_Mesh: {fileID: 4300000, guid: 9f687a64258a84fe48fb6b8421c422cb, type: 3}
--- !u!64 &64569686311185162
MeshCollider:
  m_ObjectHideFlags: 1
  m_PrefabParentObject: {fileID: 0}
  m_PrefabInternal: {fileID: 100100000}
  m_GameObject: {fileID: 1386416153418196}
  m_Material: {fileID: 0}
  m_IsTrigger: 0
  m_Enabled: 1
  serializedVersion: 2
  m_Convex: 0
  m_InflateMesh: 0
  m_SkinWidth: 0.01
  m_Mesh: {fileID: 4300000, guid: 9f687a64258a84fe48fb6b8421c422cb, type: 3}
--- !u!64 &64668848189738222
MeshCollider:
  m_ObjectHideFlags: 1
  m_PrefabParentObject: {fileID: 0}
  m_PrefabInternal: {fileID: 100100000}
  m_GameObject: {fileID: 1555338920918404}
  m_Material: {fileID: 0}
  m_IsTrigger: 0
  m_Enabled: 1
  serializedVersion: 2
  m_Convex: 0
  m_InflateMesh: 0
  m_SkinWidth: 0.01
  m_Mesh: {fileID: 4300000, guid: a99c3cf75c4754c9eb002ab2e4ff77b6, type: 3}
--- !u!64 &64804223908944090
MeshCollider:
  m_ObjectHideFlags: 1
  m_PrefabParentObject: {fileID: 0}
  m_PrefabInternal: {fileID: 100100000}
  m_GameObject: {fileID: 1734350304763318}
  m_Material: {fileID: 0}
  m_IsTrigger: 0
  m_Enabled: 1
  serializedVersion: 2
  m_Convex: 0
  m_InflateMesh: 0
  m_SkinWidth: 0.01
  m_Mesh: {fileID: 4300000, guid: a99c3cf75c4754c9eb002ab2e4ff77b6, type: 3}
--- !u!114 &114041968882445766
MonoBehaviour:
  m_ObjectHideFlags: 1
  m_PrefabParentObject: {fileID: 0}
  m_PrefabInternal: {fileID: 100100000}
  m_GameObject: {fileID: 1121645564863846}
  m_Enabled: 1
  m_EditorHideFlags: 0
  m_Script: {fileID: 11500000, guid: 46a02d0f612a241b293c0da4f82b712c, type: 3}
  m_Name: 
  m_EditorClassIdentifier: 
  Properties:
    Properties: []
    Groups: []
    Hidden: 
  Links:
    Links:
    - LIIF: 1747612545
      InstanceTarget: {fileID: 114041968882445766}
    - LIIF: -310758455
      InstanceTarget: {fileID: 114702483393455916}
    - LIIF: -1730999686
      InstanceTarget: {fileID: 1121645564863846}
    - LIIF: -1684916758
      InstanceTarget: {fileID: 4363909863519810}
    - LIIF: 1268041522
      InstanceTarget: {fileID: 33418606859461644}
    - LIIF: 1235304994
      InstanceTarget: {fileID: 23119342479777154}
    - LIIF: -1469802583
      InstanceTarget: {fileID: 64294768338075024}
    - LIIF: -188363746
      InstanceTarget: {fileID: 114790421714261882}
  Modifications:
    Modificated:
    - Object: {fileID: 1121645564863846}
      ObjeckLink: -1730999686
      PropertyPath: m_Name
      Mode: 0
    - Object: {fileID: 4363909863519810}
      ObjeckLink: -1684916758
      PropertyPath: m_LocalRotation
      Mode: 0
    - Object: {fileID: 4363909863519810}
      ObjeckLink: -1684916758
      PropertyPath: m_LocalPosition
      Mode: 0
    - Object: {fileID: 4363909863519810}
      ObjeckLink: -1684916758
      PropertyPath: m_RootOrder
      Mode: 0
    - Object: {fileID: 4363909863519810}
      ObjeckLink: -1684916758
      PropertyPath: m_LocalEulerAnglesHint
      Mode: 0
    NonPrefabObjects: []
    NonPrefabComponents: []
    RemovedObjects: 
    TransformParentChanges: []
  ParentPrefabGUID: 
  PrefabGUID: 2ac6ed2f2b3094a4ba2b82914ac6a579
--- !u!114 &114085403890390740
MonoBehaviour:
  m_ObjectHideFlags: 1
  m_PrefabParentObject: {fileID: 0}
  m_PrefabInternal: {fileID: 100100000}
  m_GameObject: {fileID: 1759113281652672}
  m_Enabled: 1
  m_EditorHideFlags: 0
  m_Script: {fileID: 11500000, guid: 6e038bf700cfa444fb16c6ef963be9f9, type: 3}
  m_Name: 
  m_EditorClassIdentifier: 
--- !u!114 &114129433846056886
MonoBehaviour:
  m_ObjectHideFlags: 1
  m_PrefabParentObject: {fileID: 0}
  m_PrefabInternal: {fileID: 100100000}
  m_GameObject: {fileID: 1555338920918404}
  m_Enabled: 1
  m_EditorHideFlags: 0
  m_Script: {fileID: 11500000, guid: 3b27ddecfbc8ebf4fab521bf43ff7b51, type: 3}
  m_Name: 
  m_EditorClassIdentifier: 
--- !u!114 &114250979816451904
MonoBehaviour:
  m_ObjectHideFlags: 1
  m_PrefabParentObject: {fileID: 0}
  m_PrefabInternal: {fileID: 100100000}
  m_GameObject: {fileID: 1807094988477432}
  m_Enabled: 1
  m_EditorHideFlags: 0
  m_Script: {fileID: 11500000, guid: ee158a434d6ff3741b846bf1630eae11, type: 3}
  m_Name: 
  m_EditorClassIdentifier: 
  EnemyGameObject: {fileID: 1368435953696174, guid: 5515ee95e3855452da5ed4daba05da4b,
    type: 2}
--- !u!114 &114308953425901640
MonoBehaviour:
  m_ObjectHideFlags: 1
  m_PrefabParentObject: {fileID: 0}
  m_PrefabInternal: {fileID: 100100000}
  m_GameObject: {fileID: 1807094988477432}
  m_Enabled: 1
  m_EditorHideFlags: 0
  m_Script: {fileID: 11500000, guid: 46a02d0f612a241b293c0da4f82b712c, type: 3}
  m_Name: 
  m_EditorClassIdentifier: 
  Properties:
    Properties: []
    Groups: []
    Hidden: 
  Links:
    Links:
    - LIIF: -1530381260
      InstanceTarget: {fileID: 114308953425901640}
    - LIIF: -891614585
      InstanceTarget: {fileID: 1807094988477432}
    - LIIF: 533603061
      InstanceTarget: {fileID: 4621009161919048}
    - LIIF: 1621571804
      InstanceTarget: {fileID: 114250979816451904}
  Modifications:
    Modificated:
    - Object: {fileID: 1807094988477432}
      ObjeckLink: -891614585
      PropertyPath: m_StaticEditorFlags
      Mode: 0
    - Object: {fileID: 4621009161919048}
      ObjeckLink: 533603061
      PropertyPath: m_LocalPosition
      Mode: 0
    - Object: {fileID: 4621009161919048}
      ObjeckLink: 533603061
      PropertyPath: m_RootOrder
      Mode: 0
    NonPrefabObjects: []
    NonPrefabComponents: []
    RemovedObjects: 
    TransformParentChanges: []
  ParentPrefabGUID: 
  PrefabGUID: d9eaaa65980468542ab27b306a5f0fd9
--- !u!114 &114342958477548808
MonoBehaviour:
  m_ObjectHideFlags: 1
  m_PrefabParentObject: {fileID: 0}
  m_PrefabInternal: {fileID: 100100000}
  m_GameObject: {fileID: 1555338920918404}
  m_Enabled: 1
  m_EditorHideFlags: 0
  m_Script: {fileID: 11500000, guid: 6e038bf700cfa444fb16c6ef963be9f9, type: 3}
  m_Name: 
  m_EditorClassIdentifier: 
--- !u!114 &114361574868703756
MonoBehaviour:
  m_ObjectHideFlags: 1
  m_PrefabParentObject: {fileID: 0}
  m_PrefabInternal: {fileID: 100100000}
  m_GameObject: {fileID: 1759113281652672}
  m_Enabled: 1
  m_EditorHideFlags: 0
  m_Script: {fileID: 11500000, guid: 3b27ddecfbc8ebf4fab521bf43ff7b51, type: 3}
  m_Name: 
  m_EditorClassIdentifier: 
--- !u!114 &114394515536436222
MonoBehaviour:
  m_ObjectHideFlags: 1
  m_PrefabParentObject: {fileID: 0}
  m_PrefabInternal: {fileID: 100100000}
  m_GameObject: {fileID: 1690375659568536}
  m_Enabled: 1
  m_EditorHideFlags: 0
  m_Script: {fileID: 11500000, guid: 8b8e36f0c31dd964fb3e02859ba32ead, type: 3}
  m_Name: 
  m_EditorClassIdentifier: 
--- !u!114 &114533368818571832
MonoBehaviour:
  m_ObjectHideFlags: 1
  m_PrefabParentObject: {fileID: 0}
  m_PrefabInternal: {fileID: 100100000}
  m_GameObject: {fileID: 1759113281652672}
  m_Enabled: 1
  m_EditorHideFlags: 0
  m_Script: {fileID: 11500000, guid: 46a02d0f612a241b293c0da4f82b712c, type: 3}
  m_Name: 
  m_EditorClassIdentifier: 
  Properties:
    Properties: []
    Groups: []
    Hidden: 
  Links:
    Links:
    - LIIF: 1747612545
      InstanceTarget: {fileID: 114533368818571832}
    - LIIF: -310758455
      InstanceTarget: {fileID: 114085403890390740}
    - LIIF: -1730999686
      InstanceTarget: {fileID: 1759113281652672}
    - LIIF: -1684916758
      InstanceTarget: {fileID: 4272816910529264}
    - LIIF: 1268041522
      InstanceTarget: {fileID: 33353271936283192}
    - LIIF: 1235304994
      InstanceTarget: {fileID: 23726499128658900}
    - LIIF: -1469802583
      InstanceTarget: {fileID: 64161051073098132}
    - LIIF: -188363746
      InstanceTarget: {fileID: 114361574868703756}
  Modifications:
    Modificated:
    - Object: {fileID: 1759113281652672}
      ObjeckLink: -1730999686
      PropertyPath: m_Name
      Mode: 0
    - Object: {fileID: 4272816910529264}
      ObjeckLink: -1684916758
      PropertyPath: m_LocalRotation
      Mode: 0
    - Object: {fileID: 4272816910529264}
      ObjeckLink: -1684916758
      PropertyPath: m_LocalPosition
      Mode: 0
    - Object: {fileID: 4272816910529264}
      ObjeckLink: -1684916758
      PropertyPath: m_RootOrder
      Mode: 0
    - Object: {fileID: 4272816910529264}
      ObjeckLink: -1684916758
      PropertyPath: m_LocalEulerAnglesHint
      Mode: 0
    NonPrefabObjects: []
    NonPrefabComponents: []
    RemovedObjects: 
    TransformParentChanges: []
  ParentPrefabGUID: 
  PrefabGUID: 2ac6ed2f2b3094a4ba2b82914ac6a579
--- !u!114 &114543938970258076
MonoBehaviour:
  m_ObjectHideFlags: 1
  m_PrefabParentObject: {fileID: 0}
  m_PrefabInternal: {fileID: 100100000}
  m_GameObject: {fileID: 1386416153418196}
  m_Enabled: 1
  m_EditorHideFlags: 0
  m_Script: {fileID: 11500000, guid: 46a02d0f612a241b293c0da4f82b712c, type: 3}
  m_Name: 
  m_EditorClassIdentifier: 
  Properties:
    Properties: []
    Groups: []
    Hidden: 
  Links:
    Links:
    - LIIF: 1230848854
      InstanceTarget: {fileID: 114543938970258076}
    - LIIF: 1624223233
      InstanceTarget: {fileID: 114580768943063132}
    - LIIF: -2083038489
      InstanceTarget: {fileID: 1386416153418196}
    - LIIF: 978124
      InstanceTarget: {fileID: 4461045016597970}
    - LIIF: -1927224995
      InstanceTarget: {fileID: 33491315731157494}
    - LIIF: -730275525
      InstanceTarget: {fileID: 23687341077093858}
    - LIIF: 73223455
      InstanceTarget: {fileID: 64569686311185162}
  Modifications:
    Modificated:
    - Object: {fileID: 1386416153418196}
      ObjeckLink: -2083038489
      PropertyPath: m_Name
      Mode: 0
    - Object: {fileID: 4461045016597970}
      ObjeckLink: 978124
      PropertyPath: m_LocalPosition
      Mode: 0
    - Object: {fileID: 4461045016597970}
      ObjeckLink: 978124
      PropertyPath: m_RootOrder
      Mode: 0
    NonPrefabObjects: []
    NonPrefabComponents: []
    RemovedObjects: 
    TransformParentChanges: []
  ParentPrefabGUID: 
  PrefabGUID: 2da3bf4370b5e9845858b55d28f33947
--- !u!114 &114580768943063132
MonoBehaviour:
  m_ObjectHideFlags: 1
  m_PrefabParentObject: {fileID: 0}
  m_PrefabInternal: {fileID: 100100000}
  m_GameObject: {fileID: 1386416153418196}
  m_Enabled: 1
  m_EditorHideFlags: 0
  m_Script: {fileID: 11500000, guid: 6e038bf700cfa444fb16c6ef963be9f9, type: 3}
  m_Name: 
  m_EditorClassIdentifier: 
--- !u!114 &114681088472378502
MonoBehaviour:
  m_ObjectHideFlags: 1
  m_PrefabParentObject: {fileID: 0}
  m_PrefabInternal: {fileID: 100100000}
  m_GameObject: {fileID: 1734350304763318}
  m_Enabled: 1
  m_EditorHideFlags: 0
  m_Script: {fileID: 11500000, guid: 46a02d0f612a241b293c0da4f82b712c, type: 3}
  m_Name: 
  m_EditorClassIdentifier: 
  Properties:
    Properties: []
    Groups: []
    Hidden: 
  Links:
    Links:
    - LIIF: 1747612545
      InstanceTarget: {fileID: 114681088472378502}
    - LIIF: -310758455
      InstanceTarget: {fileID: 114858275839651286}
    - LIIF: -1730999686
      InstanceTarget: {fileID: 1734350304763318}
    - LIIF: -1684916758
      InstanceTarget: {fileID: 4429061198551412}
    - LIIF: 1268041522
      InstanceTarget: {fileID: 33329927578222436}
    - LIIF: 1235304994
      InstanceTarget: {fileID: 23125781698688286}
    - LIIF: -1469802583
      InstanceTarget: {fileID: 64804223908944090}
    - LIIF: -188363746
      InstanceTarget: {fileID: 114947981331111364}
  Modifications:
    Modificated:
    - Object: {fileID: 1734350304763318}
      ObjeckLink: -1730999686
      PropertyPath: m_Name
      Mode: 0
    - Object: {fileID: 4429061198551412}
      ObjeckLink: -1684916758
      PropertyPath: m_LocalRotation
      Mode: 0
    - Object: {fileID: 4429061198551412}
      ObjeckLink: -1684916758
      PropertyPath: m_LocalPosition
      Mode: 0
    - Object: {fileID: 4429061198551412}
      ObjeckLink: -1684916758
      PropertyPath: m_RootOrder
      Mode: 0
    - Object: {fileID: 4429061198551412}
      ObjeckLink: -1684916758
      PropertyPath: m_LocalEulerAnglesHint
      Mode: 0
    NonPrefabObjects: []
    NonPrefabComponents: []
    RemovedObjects: 
    TransformParentChanges: []
  ParentPrefabGUID: 
  PrefabGUID: 2ac6ed2f2b3094a4ba2b82914ac6a579
--- !u!114 &114695158953247392
MonoBehaviour:
  m_ObjectHideFlags: 1
  m_PrefabParentObject: {fileID: 0}
  m_PrefabInternal: {fileID: 100100000}
  m_GameObject: {fileID: 1555338920918404}
  m_Enabled: 1
  m_EditorHideFlags: 0
  m_Script: {fileID: 11500000, guid: 46a02d0f612a241b293c0da4f82b712c, type: 3}
  m_Name: 
  m_EditorClassIdentifier: 
  Properties:
    Properties: []
    Groups: []
    Hidden: 
  Links:
    Links:
    - LIIF: 1747612545
      InstanceTarget: {fileID: 114695158953247392}
    - LIIF: -310758455
      InstanceTarget: {fileID: 114342958477548808}
    - LIIF: -1730999686
      InstanceTarget: {fileID: 1555338920918404}
    - LIIF: -1684916758
      InstanceTarget: {fileID: 4096490311145830}
    - LIIF: 1268041522
      InstanceTarget: {fileID: 33778624316078350}
    - LIIF: 1235304994
      InstanceTarget: {fileID: 23066939774771934}
    - LIIF: -1469802583
      InstanceTarget: {fileID: 64668848189738222}
    - LIIF: -188363746
      InstanceTarget: {fileID: 114129433846056886}
  Modifications:
    Modificated:
    - Object: {fileID: 4096490311145830}
      ObjeckLink: -1684916758
      PropertyPath: m_LocalPosition
      Mode: 0
    - Object: {fileID: 4096490311145830}
      ObjeckLink: -1684916758
      PropertyPath: m_RootOrder
      Mode: 0
    NonPrefabObjects: []
    NonPrefabComponents: []
    RemovedObjects: 
    TransformParentChanges: []
  ParentPrefabGUID: 
  PrefabGUID: 2ac6ed2f2b3094a4ba2b82914ac6a579
--- !u!114 &114702483393455916
MonoBehaviour:
  m_ObjectHideFlags: 1
  m_PrefabParentObject: {fileID: 0}
  m_PrefabInternal: {fileID: 100100000}
  m_GameObject: {fileID: 1121645564863846}
  m_Enabled: 1
  m_EditorHideFlags: 0
  m_Script: {fileID: 11500000, guid: 6e038bf700cfa444fb16c6ef963be9f9, type: 3}
  m_Name: 
  m_EditorClassIdentifier: 
--- !u!114 &114790421714261882
MonoBehaviour:
  m_ObjectHideFlags: 1
  m_PrefabParentObject: {fileID: 0}
  m_PrefabInternal: {fileID: 100100000}
  m_GameObject: {fileID: 1121645564863846}
  m_Enabled: 1
  m_EditorHideFlags: 0
  m_Script: {fileID: 11500000, guid: 3b27ddecfbc8ebf4fab521bf43ff7b51, type: 3}
  m_Name: 
  m_EditorClassIdentifier: 
--- !u!114 &114806897528318000
MonoBehaviour:
  m_ObjectHideFlags: 1
  m_PrefabParentObject: {fileID: 0}
  m_PrefabInternal: {fileID: 100100000}
  m_GameObject: {fileID: 1990578350454382}
  m_Enabled: 1
  m_EditorHideFlags: 0
  m_Script: {fileID: 11500000, guid: 6e038bf700cfa444fb16c6ef963be9f9, type: 3}
  m_Name: 
  m_EditorClassIdentifier: 
--- !u!114 &114858275839651286
MonoBehaviour:
  m_ObjectHideFlags: 1
  m_PrefabParentObject: {fileID: 0}
  m_PrefabInternal: {fileID: 100100000}
  m_GameObject: {fileID: 1734350304763318}
  m_Enabled: 1
  m_EditorHideFlags: 0
  m_Script: {fileID: 11500000, guid: 6e038bf700cfa444fb16c6ef963be9f9, type: 3}
  m_Name: 
  m_EditorClassIdentifier: 
--- !u!114 &114877967522723320
MonoBehaviour:
  m_ObjectHideFlags: 1
  m_PrefabParentObject: {fileID: 0}
  m_PrefabInternal: {fileID: 100100000}
  m_GameObject: {fileID: 1690375659568536}
  m_Enabled: 1
  m_EditorHideFlags: 0
  m_Script: {fileID: 11500000, guid: 46a02d0f612a241b293c0da4f82b712c, type: 3}
  m_Name: 
  m_EditorClassIdentifier: 
  Properties:
    Properties: []
    Groups: []
    Hidden: 
  Links:
    Links:
    - LIIF: -1261840947
      InstanceTarget: {fileID: 114877967522723320}
    - LIIF: -2004589286
      InstanceTarget: {fileID: 114878142658946214}
    - LIIF: -1389906133
      InstanceTarget: {fileID: 114806897528318000}
    - LIIF: -482561258
      InstanceTarget: {fileID: 1990578350454382}
    - LIIF: 1774355166
      InstanceTarget: {fileID: 4721348877839616}
    - LIIF: 1959425603
      InstanceTarget: {fileID: 33064020569982694}
    - LIIF: 1123204113
      InstanceTarget: {fileID: 23264186700874606}
    - LIIF: 1500529727
      InstanceTarget: {fileID: 64380655443240050}
    - LIIF: 800713993
      InstanceTarget: {fileID: 114543938970258076}
    - LIIF: 632801803
      InstanceTarget: {fileID: 114580768943063132}
    - LIIF: -1356924713
      InstanceTarget: {fileID: 1386416153418196}
    - LIIF: 82703059
      InstanceTarget: {fileID: 4461045016597970}
    - LIIF: 63654388
      InstanceTarget: {fileID: 33491315731157494}
    - LIIF: -1113201999
      InstanceTarget: {fileID: 23687341077093858}
    - LIIF: -1105883900
      InstanceTarget: {fileID: 64569686311185162}
    - LIIF: -1841081860
      InstanceTarget: {fileID: 114695158953247392}
    - LIIF: -1661278355
      InstanceTarget: {fileID: 114342958477548808}
    - LIIF: 966806288
      InstanceTarget: {fileID: 1555338920918404}
    - LIIF: 1309478773
      InstanceTarget: {fileID: 4096490311145830}
    - LIIF: -59005985
      InstanceTarget: {fileID: 33778624316078350}
    - LIIF: 1822589818
      InstanceTarget: {fileID: 23066939774771934}
    - LIIF: 1774028145
      InstanceTarget: {fileID: 64668848189738222}
    - LIIF: 241122890
      InstanceTarget: {fileID: 114533368818571832}
    - LIIF: 1243185182
      InstanceTarget: {fileID: 114085403890390740}
    - LIIF: -135694863
      InstanceTarget: {fileID: 1759113281652672}
    - LIIF: -1535711146
      InstanceTarget: {fileID: 4272816910529264}
    - LIIF: -1517269060
      InstanceTarget: {fileID: 33353271936283192}
    - LIIF: 1918484420
      InstanceTarget: {fileID: 23726499128658900}
    - LIIF: -367278505
      InstanceTarget: {fileID: 64161051073098132}
    - LIIF: 155381841
      InstanceTarget: {fileID: 114041968882445766}
    - LIIF: 302989752
      InstanceTarget: {fileID: 114702483393455916}
    - LIIF: 980571883
      InstanceTarget: {fileID: 1121645564863846}
    - LIIF: -1410671973
      InstanceTarget: {fileID: 4363909863519810}
    - LIIF: -410175887
      InstanceTarget: {fileID: 33418606859461644}
    - LIIF: 906083576
      InstanceTarget: {fileID: 23119342479777154}
    - LIIF: -53164952
      InstanceTarget: {fileID: 64294768338075024}
    - LIIF: -885990863
      InstanceTarget: {fileID: 64804223908944090}
    - LIIF: -844115127
      InstanceTarget: {fileID: 23125781698688286}
    - LIIF: 1401510533
      InstanceTarget: {fileID: 33329927578222436}
    - LIIF: -352730137
      InstanceTarget: {fileID: 4429061198551412}
    - LIIF: 429652916
      InstanceTarget: {fileID: 1734350304763318}
    - LIIF: -1942556142
      InstanceTarget: {fileID: 114858275839651286}
    - LIIF: 623260698
      InstanceTarget: {fileID: 114681088472378502}
    - LIIF: 1541053663
      InstanceTarget: {fileID: 1690375659568536}
    - LIIF: -1613116480
      InstanceTarget: {fileID: 4947678073874150}
    - LIIF: 551793949
      InstanceTarget: {fileID: 114993139626443018}
    - LIIF: 336522414
      InstanceTarget: {fileID: 114250979816451904}
    - LIIF: -1339573702
      InstanceTarget: {fileID: 4621009161919048}
    - LIIF: 1701276654
      InstanceTarget: {fileID: 1807094988477432}
    - LIIF: 1530155424
      InstanceTarget: {fileID: 114308953425901640}
    - LIIF: 380674461
      InstanceTarget: {fileID: 114394515536436222}
    - LIIF: -56311812
      InstanceTarget: {fileID: 1651412492058906}
    - LIIF: -1291656831
      InstanceTarget: {fileID: 4176039300299220}
    - LIIF: -2081115336
      InstanceTarget: {fileID: 215671143393099092}
    - LIIF: -1379988670
      InstanceTarget: {fileID: 114129433846056886}
    - LIIF: 677445335
      InstanceTarget: {fileID: 114361574868703756}
    - LIIF: 131494694
      InstanceTarget: {fileID: 114790421714261882}
    - LIIF: 1705623658
      InstanceTarget: {fileID: 114947981331111364}
  Modifications:
    Modificated:
    - Object: {fileID: 4947678073874150}
      ObjeckLink: -1613116480
      PropertyPath: m_RootOrder
      Mode: 0
    NonPrefabObjects: []
    NonPrefabComponents: []
    RemovedObjects: 
    TransformParentChanges: []
  ParentPrefabGUID: 
  PrefabGUID: 24f14cbe961ac97458c03a844b94d9e0
--- !u!114 &114878142658946214
MonoBehaviour:
  m_ObjectHideFlags: 1
  m_PrefabParentObject: {fileID: 0}
  m_PrefabInternal: {fileID: 100100000}
  m_GameObject: {fileID: 1990578350454382}
  m_Enabled: 1
  m_EditorHideFlags: 0
  m_Script: {fileID: 11500000, guid: 46a02d0f612a241b293c0da4f82b712c, type: 3}
  m_Name: 
  m_EditorClassIdentifier: 
  Properties:
    Properties: []
    Groups: []
    Hidden: 
  Links:
    Links:
    - LIIF: 1230848854
      InstanceTarget: {fileID: 114878142658946214}
    - LIIF: 1624223233
      InstanceTarget: {fileID: 114806897528318000}
    - LIIF: -2083038489
      InstanceTarget: {fileID: 1990578350454382}
    - LIIF: 978124
      InstanceTarget: {fileID: 4721348877839616}
    - LIIF: -1927224995
      InstanceTarget: {fileID: 33064020569982694}
    - LIIF: -730275525
      InstanceTarget: {fileID: 23264186700874606}
    - LIIF: 73223455
      InstanceTarget: {fileID: 64380655443240050}
  Modifications:
    Modificated:
    - Object: {fileID: 4721348877839616}
      ObjeckLink: 978124
      PropertyPath: m_LocalPosition
      Mode: 0
    - Object: {fileID: 4721348877839616}
      ObjeckLink: 978124
      PropertyPath: m_RootOrder
      Mode: 0
    NonPrefabObjects: []
    NonPrefabComponents: []
    RemovedObjects: 
    TransformParentChanges: []
  ParentPrefabGUID: 
  PrefabGUID: 2da3bf4370b5e9845858b55d28f33947
--- !u!114 &114947981331111364
MonoBehaviour:
  m_ObjectHideFlags: 1
  m_PrefabParentObject: {fileID: 0}
  m_PrefabInternal: {fileID: 100100000}
  m_GameObject: {fileID: 1734350304763318}
  m_Enabled: 1
  m_EditorHideFlags: 0
  m_Script: {fileID: 11500000, guid: 3b27ddecfbc8ebf4fab521bf43ff7b51, type: 3}
  m_Name: 
  m_EditorClassIdentifier: 
--- !u!114 &114993139626443018
MonoBehaviour:
  m_ObjectHideFlags: 1
  m_PrefabParentObject: {fileID: 0}
  m_PrefabInternal: {fileID: 100100000}
  m_GameObject: {fileID: 1690375659568536}
  m_Enabled: 1
  m_EditorHideFlags: 0
  m_Script: {fileID: 11500000, guid: 99502ad27da39674e9fde79d4248bcaf, type: 3}
  m_Name: 
  m_EditorClassIdentifier: 
  Rotation360: 1
--- !u!215 &215671143393099092
ReflectionProbe:
  m_ObjectHideFlags: 1
  m_PrefabParentObject: {fileID: 0}
  m_PrefabInternal: {fileID: 100100000}
  m_GameObject: {fileID: 1651412492058906}
  m_Enabled: 1
  serializedVersion: 2
  m_Type: 0
  m_Mode: 1
  m_RefreshMode: 0
  m_TimeSlicingMode: 0
  m_Resolution: 32
  m_UpdateFrequency: 0
  m_BoxSize: {x: 10, y: 15, z: 10}
  m_BoxOffset: {x: 0, y: 0, z: 0}
  m_NearClip: 0.3
  m_FarClip: 100
  m_ShadowDistance: 100
  m_ClearFlags: 1
  m_BackGroundColor: {r: 0.19215687, g: 0.3019608, b: 0.4745098, a: 0}
  m_CullingMask:
    serializedVersion: 2
    m_Bits: 4294967295
  m_IntensityMultiplier: 1
  m_BlendDistance: 1
  m_HDR: 1
  m_BoxProjection: 0
  m_RenderDynamicObjects: 0
  m_UseOcclusionCulling: 1
  m_Importance: 1
  m_CustomBakedTexture: {fileID: 0}
